@article{huang2022gkz,
  title={GKZ discriminant and Multiplicities},
  author={Huang, Jesse and Zhou, Peng},
  journal={arXiv preprint arXiv:2206.14778},
  year={2022}
}

@book{gelfand1994discriminants,
  title={A-discriminants},
  author={Gelfand, Israel M and Kapranov, Mikhail M and Zelevinsky, Andrei V and Gelfand, Israel M and Kapranov, Mikhail M and Zelevinsky, Andrei V},
  year={1994},
  publisher={Springer}
}

@article{kite2022discriminants,
  title={Discriminants and semi-orthogonal decompositions},
  author={Kite, Alex and Segal, Ed},
  journal={Communications in Mathematical Physics},
  volume={390},
  number={2},
  pages={907--931},
  year={2022},
  publisher={Springer}
}


@book{cox1999mirror,
  title={Mirror symmetry and algebraic geometry},
  author={Cox, David A and Katz, Sheldon},
  volume={68},
  year={1999},
  publisher={American Mathematical Society Providence, RI}
}

@article{halpern2020combinatorial,
  title={Combinatorial constructions of derived equivalences},
  author={Halpern-Leistner, Daniel and Sam, Steven},
  journal={Journal of the American Mathematical Society},
  volume={33},
  number={3},
  pages={735--773},
  year={2020}
}

@book{mumford1994geometric,
  title={Geometric invariant theory},
  author={Mumford, David and Fogarty, John and Kirwan, Frances},
  volume={34},
  year={1994},
  publisher={Springer Science \& Business Media}
}


